%% This BibTeX bibliography file was created using BibDesk.
%% http://bibdesk.sourceforge.net/

%% Created for Aliaksei Syrel at 2018-01-29 14:09:40 +0100 


%% Saved with string encoding Unicode (UTF-8) 



@url{atomblog2018,
	Author = {GitHub Inc.},
	Date-Added = {2018-01-29 11:30:46 +0000},
	Date-Modified = {2018-01-29 11:46:36 +0000},
	Lastchecked = {2018-01-29},
	Month = {01},
	Title = {The State of Atom's Performance},
	Url = {http://blog.atom.io/2018/01/10/the-state-of-atoms-performance.html},
	Urldate = {2018-01-10},
	Year = {2018},
	Bdsk-Url-1 = {http://blog.atom.io/2018/01/10/the-state-of-atoms-performance.html}}

@article{crowley1998data,
	Author = {Crowley, Charles},
	Date-Added = {2018-01-29 11:28:41 +0000},
	Date-Modified = {2018-01-29 11:28:41 +0000},
	Journal = {Computer Science Department, University of New Mexico, Date},
	Pages = {1--29},
	Publisher = {Citeseer},
	Title = {Data structures for text sequences},
	Year = {1998}}
